<record><leader>00000cas a22000007a 4500</leader><controlfield tag="001">25971359</controlfield><controlfield tag="008">920608d19311934wyuwr ne      0    0eng d</controlfield><datafield ind1=" " ind2=" " tag="010"><subfield code="a">sn 92067058 </subfield></datafield><datafield ind1=" " ind2=" " tag="040"><subfield code="a">NVO</subfield><subfield code="b">eng</subfield><subfield code="c">NVO</subfield><subfield code="d">OCLCQ</subfield></datafield><datafield ind1=" " ind2=" " tag="042"><subfield code="a">msc</subfield></datafield><datafield ind1="0" ind2=" " tag="130"><subfield code="a">Colony coyote and the Alzada fairplay (Colony, Wyo.)</subfield></datafield><datafield ind1="1" ind2="4" tag="245"><subfield code="a">The Colony coyote and the Alzada fairplay.</subfield></datafield><datafield ind1="3" ind2="0" tag="246"><subfield code="a">Colony coyote &amp; the Alzada fairplay</subfield></datafield><datafield ind1="3" ind2="0" tag="246"><subfield code="a">Colony coyote</subfield></datafield><datafield ind1="1" ind2="3" tag="246"><subfield code="a">Coyote &amp; fairplay Christmas</subfield><subfield code="f">Dec. 10, 1931</subfield></datafield><datafield ind1=" " ind2=" " tag="260"><subfield code="a">Colony, Wyo. :</subfield><subfield code="b">C.W. Shepard</subfield></datafield><datafield ind1=" " ind2=" " tag="300"><subfield code="a">v.</subfield></datafield><datafield ind1=" " ind2=" " tag="310"><subfield code="a">Weekly</subfield></datafield><datafield ind1="0" ind2=" " tag="362"><subfield code="a">Vol. 12, no. 11 (Sept. 10, 1931)-v. 15, no. 43 (May 3, 1934).</subfield></datafield><datafield ind1=" " ind2=" " tag="515"><subfield code="a">Continues numbering of the Colony coyote; adds numbering of the Alzada fairplay and the Piniele, Mont., leader with: Vol. 22, no. 2 (Jan. 14, 1932).</subfield></datafield><datafield ind1=" " ind2=" " tag="515"><subfield code="a">Vol. 14, no. 13-v. 15, no. 12 not published.</subfield></datafield><datafield ind1=" " ind2=" " tag="580"><subfield code="a">Formed by the union of: The Alzada fairplay and the Piniele, Mont., leader, and: the Colony coyote, and was published in Mont. and Wyo. eds.</subfield></datafield><datafield ind1=" " ind2=" " tag="580"><subfield code="a">Alzada, Mont. ed.: Colony coyote and the Alzada fairplay, Sept. 1931-May 1934, continued numbering of the Alzada fairplay and the Piniele, Mont., leader.</subfield></datafield><datafield ind1=" " ind2="4" tag="651"><subfield code="a">Crook County (Wyo.)</subfield><subfield code="v">Newspapers.</subfield></datafield><datafield ind1=" " ind2="4" tag="651"><subfield code="a">Carter County (Mont.)</subfield><subfield code="v">Newspapers.</subfield></datafield><datafield ind1=" " ind2="4" tag="651"><subfield code="a">Colony (Wyo.)</subfield><subfield code="v">Newspapers.</subfield></datafield><datafield ind1=" " ind2="4" tag="651"><subfield code="a">Alzada (Mont.)</subfield><subfield code="v">Newspapers.</subfield></datafield><datafield ind1=" " ind2=" " tag="752"><subfield code="a">United States</subfield><subfield code="b">Wyoming</subfield><subfield code="c">Crook</subfield><subfield code="d">Colony.</subfield></datafield><datafield ind1=" " ind2=" " tag="752"><subfield code="a">United States</subfield><subfield code="b">Montana</subfield><subfield code="c">Carter</subfield><subfield code="d">Alzada.</subfield></datafield><datafield ind1="1" ind2=" " tag="775"><subfield code="t">Colony coyote and the Alzada fairplay (Alzada, Mont.)</subfield><subfield code="w">(DLC)sn 83047014</subfield></datafield><datafield ind1="1" ind2="4" tag="780"><subfield code="t">Alzada fairplay and the Piniele, Mont., leader</subfield><subfield code="w">(DLC)sn 83047013</subfield></datafield><datafield ind1="1" ind2="4" tag="780"><subfield code="t">Colony coyote (Colony, Wyo. : 1927)</subfield><subfield code="w">(DLC)sn 84036017</subfield></datafield></record>